@book{GoslingJoyEtAl14,
  abstract = {Written by the inventors of the technology, this book, is the definitive technical reference for the Java programming language. If you want to know the precise meaning of the language's constructs, this is the source for you. The book provides complete, accurate, and detailed coverage of the Java programming language. It fully describes the new features added in Java SE 8, including lambda expressions, method references, default methods, type annotations, and repeating annotations.},
  added-at = {2017-07-07T13:36:25.000+0200},
  address = {Upper Saddle River, NJ},
  author = {Gosling, James and Joy, Bill and Steele, Guy L. and Bracha, Gilad and Buckley, Alex},
  biburl = {https://www.bibsonomy.org/bibtex/2e93895f98a08e3e26fcfc2e2d4673370/flint63},
  description = {1. Auflage 1996},
  edition = 5,
  file = {Oracle eBook:2014/GoslingJoyEtAl14.pdf:PDF;InformIT Product page:http\://www.informit.com/title/013390069X:URL;Amazon Search inside:http\://www.amazon.de/gp/reader/013390069X/:URL;Safari:https\://www.safaribooksonline.com/library/view/the-java-virtual/9780133922745/:URL},
  groups = {public},
  interhash = {4ffc763c38871b009f33ffff71167b92},
  intrahash = {e93895f98a08e3e26fcfc2e2d4673370},
  isbn = {978-0-13-390069-9},
  keywords = {01841 103 book shelf safari software java},
  publisher = {Addison-Wesley},
  series = {Java Series},
  timestamp = {2018-04-16T12:12:26.000+0200},
  title = {The Java Language Specification: Java SE 8 Edition},
  url = {http://docs.oracle.com/javase/specs/},
  username = {flint63},
  year = 2014
}

@misc{JavaEE8,
	title = {{Java Platform, Enterprise Edition (Java EE) Specification, v8}},
	howpublished = {\url{https://javaee.github.io/javaee-spec/download/JavaEE8_Platform_Spec_FinalRelease.pdf}}
}

@misc{CCLicense,
	title = {{Attribution-NonCommercial-ShareAlike 4.0 International (CC BY-NC-SA 4.0)}},
	howpublished = {\url{https://creativecommons.org/licenses/by-nc-sa/4.0/}}
}

@misc{ApacheLicense,
	title = {{APACHE LICENSE, VERSION 2.0}},
	howpublished = {\url{https://www.apache.org/licenses/LICENSE-2.0}}
}

@misc{JSF23,
	title = {{JavaServer Faces Specification, Version 2.3}},
	howpublished = {\url{https://download.oracle.com/otn-pub/jcp/jsf-2_3-final-eval-spec/JSF_2.3.pdf}}
}

@misc{ApacheMaven,
	title = {{Apache Maven}},
	howpublished = {\url{https://maven.apache.org}}
}

@misc{CDI2,
	title = {{Jakarta Contexts and Dependency Injection 2.0}},
	howpublished = {\url{https://jakarta.ee/specifications/cdi/2.0/cdi-spec-2.0.pdf}}
}

@misc{WildFly,
	title = {{RedHat JBoss WildFly}},
	howpublished = {\url{https://www.wildfly.org}}
}

@misc{PrimeFaces,
	title = {{PrimeFaces}},
	howpublished = {\url{https://www.primefaces.org}}
}

@book{wadia2014pro,
	title={Pro JSF and HTML5: Building Rich Internet Components},
	author={Wadia, Z. and Saleh, H. and Christensen, A.},
	isbn={9781430250111},
	url={https://books.google.be/books?id=XJYQAwAAQBAJ},
	year={2014},
	publisher={Apress}
}

@inproceedings{Scholtz2018TheDG,
	title={The Definitive Guide to JSF in Java EE 8},
	author={Bauke Scholtz and Arjan Tijms},
	booktitle={Apress},
	year={2018}
}